<?xml version="1.0" encoding="UTF-8"?><collection xmlns="http://www.loc.gov/MARC21/slim"><record><leader>00426nam--2200145-i-4500</leader><controlfield tag="001">000023171</controlfield><controlfield tag="002">20161230</controlfield><controlfield tag="005">20161230201034</controlfield><controlfield tag="008">060222s1000------------r-----000-0-eng-d</controlfield><datafield ind1=" " ind2=" " tag="080"><subfield code="a">621.372.52</subfield></datafield><datafield ind1=" " ind2=" " tag="100"><subfield code="a">Holtzman, Jack M</subfield></datafield><datafield ind1=" " ind2=" " tag="245"><subfield code="a">Nonlinear system theory. a functional analysis approach</subfield></datafield><datafield ind1=" " ind2=" " tag="260"><subfield code="a">Englewood Cliffs, New Jersey, Prentice-hall, 1970, Ix + 213p</subfield></datafield><datafield ind1=" " ind2=" " tag="490"><subfield code="a">Prentice-hall Networks Series</subfield></datafield><datafield ind1=" " ind2=" " tag="852"><subfield code="a">36354</subfield></datafield></record></collection>